@article{MNR20109C,
  author = "Waldram, E. M. and Pooley, G. G. and Davies, M. L. and Grainge, K. J. B. and Scott, P. F.",
  year = "2010",
  title = "{9C continued: results from a deeper radio-source survey at 15 GHz}",
  journal = "Monthly Notices of the Royal Astronomical Society",
  volume = "404",
  number = "2",
  pages = "1005--1017"
  }

@techreport{VLACalCat,
  author = "R. A. Perley and G.B. Taylor",
  title = "{The VLA Calibrator Manual}",
  institution = "National Radio Astronomy Observatory",
  year = 2003 
  }

@article{Baars65,
  author = "Baars, J. W. N. and Mezger, P. G. and Wendker, H.",
  year = "1965",
  title = "{The Spectra of the Strongest Non-Thermal Radio Sources in the Centimeter Wavelength Range}",
  journal = "Astrophysical Journal",
  volume = "142",
  pages = "122--134"
  }
